<?xml version="1.0" encoding="UTF-8"?><record xmlns="http://www.loc.gov/MARC21/slim" xmlns:cinclude="http://apache.org/cocoon/include/1.0" xmlns:zs="http://www.loc.gov/zing/srw/">
  <leader>00444nz  a2200133n  4500</leader>
  <controlfield tag="001">nr 00024904 </controlfield>
  <controlfield tag="003">DLC</controlfield>
  <controlfield tag="005">20000803033716.0</controlfield>
  <controlfield tag="008">000801n| acannaabn          |a aaa     c</controlfield>
  <datafield tag="010" ind1=" " ind2=" ">
    <subfield code="a">nr 00024904 </subfield>
  </datafield>
  <datafield tag="040" ind1=" " ind2=" ">
    <subfield code="a">CtY</subfield>
    <subfield code="b">eng</subfield>
    <subfield code="c">CtY</subfield>
  </datafield>
  <datafield tag="100" ind1="1" ind2=" ">
    <subfield code="a">Nesterov, I︠U︡riĭ Viktorovich</subfield>
  </datafield>
  <datafield tag="400" ind1="1" ind2=" ">
    <subfield code="a">Nesterov, I︠U︡. V.</subfield>
    <subfield code="q">(I︠U︡riĭ Viktorovich)</subfield>
  </datafield>
  <datafield tag="670" ind1=" " ind2=" ">
    <subfield code="a">Zhiznʹ prekrasna, 1999:</subfield>
    <subfield code="b">t.p. (I︠U︡riĭ Viktorovich Nesterov) CIP hdg. (Nesterov I︠U︡.V.)</subfield>
  </datafield>
</record>